<record xmlns="http://www.loc.gov/MARC21/slim" xmlns:xsi="http://www.w3.org/2001/XMLSchema-instance" xsi:schemaLocation="http://www.loc.gov/MARC21/slim http://www.loc.gov/standards/marcxml/schema/MARC21slim.xsd"><leader>     nam a22        4500</leader><controlfield tag="001">4439475</controlfield><controlfield tag="003">NIC</controlfield><controlfield tag="006">m        d        </controlfield><controlfield tag="007">cr cn |||m|||a</controlfield><controlfield tag="008">150316m19521956le c    ob    000 0cara d</controlfield><datafield ind1=" " ind2=" " tag="040"><subfield code="a">NNU</subfield><subfield code="b">eng</subfield><subfield code="e">rda</subfield><subfield code="c">NNU</subfield></datafield><datafield ind1=" " ind2=" " tag="043"><subfield code="a">aw-----</subfield><subfield code="a">ff-----</subfield><subfield code="a">e-sp---</subfield></datafield><datafield ind1="1" ind2=" " tag="100"><subfield code="6">880-01</subfield><subfield code="a">Qumayr, Yu&#772;h&#803;anna&#772;.</subfield></datafield><datafield ind1="1" ind2="0" tag="245"><subfield code="6">880-02</subfield><subfield code="a">Fala&#772;sifat al-&#699;Arab /</subfield><subfield code="c">Yu&#772;h&#803;anna&#772; Qumayr.</subfield></datafield><datafield ind1=" " ind2=" " tag="260"><subfield code="6">880-03</subfield><subfield code="a">Bayru&#772;t :</subfield><subfield code="b">al-Mat&#803;ba&#699;ah al-Ka&#772;thu&#772;liki&#772;yah,</subfield><subfield code="c">[1952-1956]</subfield></datafield><datafield ind1=" " ind2=" " tag="300"><subfield code="a">online resource (10 volumes) :</subfield><subfield code="b">portraits</subfield></datafield><datafield ind1=" " ind2=" " tag="336"><subfield code="a">text</subfield><subfield code="2">rdacontent</subfield></datafield><datafield ind1=" " ind2=" " tag="337"><subfield code="a">computer</subfield><subfield code="2">rdamedia</subfield></datafield><datafield ind1=" " ind2=" " tag="338"><subfield code="a">online resource</subfield><subfield code="2">rdacarrier</subfield></datafield><datafield ind1=" " ind2=" " tag="500"><subfield code="a">Some vol. issued in parts.</subfield></datafield><datafield ind1=" " ind2=" " tag="500"><subfield code="a">Part of the Arabic Collections Online (ACO) project, contributed by Cornell University Libraries.</subfield></datafield><datafield ind1=" " ind2=" " tag="504"><subfield code="a">Includes bibliographical references.</subfield></datafield><datafield ind1="0" ind2=" " tag="505"><subfield code="a">Ibn al-Fa&#772;rid&#803; -- Abu&#772; al-&#699;Ala&#772;&#700; al-Ma&#699;arri&#772; -- Ibn Khaldu&#772;n -- al-Ghaza&#772;li&#772; -- Ibn T&#803;ufayl -- Ibn Rushd -- Ikhwa&#772;n al-S&#803;afa&#772;&#700; -- al-Kindi&#772; -- al-Fa&#772;ra&#772;bi&#772; -- Ibn Si&#772;na&#772;.</subfield></datafield><datafield ind1=" " ind2=" " tag="533"><subfield code="a">Electronic reproduction.</subfield><subfield code="b">New York, N.Y. :</subfield><subfield code="c">New York University,</subfield><subfield code="d">2015.</subfield><subfield code="5">NNU</subfield></datafield><datafield ind1=" " ind2="0" tag="650"><subfield code="a">Philosophers</subfield><subfield code="z">Islamic Empire</subfield><subfield code="v">Biography.</subfield></datafield><datafield ind1="1" ind2="0" tag="600"><subfield code="a">Fa&#772;ra&#772;bi&#772;</subfield></datafield><datafield ind1="2" ind2="0" tag="610"><subfield code="a">Ikhwa&#772;n al-S&#803;afa&#772;&#700;.</subfield></datafield><datafield ind1="0" ind2="0" tag="600"><subfield code="a">Avicenna,</subfield><subfield code="d">980-1037.</subfield></datafield><datafield ind1="1" ind2="0" tag="600"><subfield code="a">Ibn al-Fa&#772;rid&#803;, &#699;Umar ibn &#699;Ali&#772;,</subfield><subfield code="d">1181 or 1182-1235.</subfield></datafield><datafield ind1="0" ind2="0" tag="600"><subfield code="a">Abu&#772; al-&#699;Ala&#772;&#700; al-Ma&#699;arri&#772;,</subfield><subfield code="d">973-1057.</subfield></datafield><datafield ind1="0" ind2="0" tag="600"><subfield code="a">Ibn Khaldu&#772;n,</subfield><subfield code="d">1332-1406.</subfield></datafield><datafield ind1="0" ind2="0" tag="600"><subfield code="a">Ghazza&#772;li&#772;,</subfield><subfield code="d">1058-1111.</subfield></datafield><datafield ind1="0" ind2="0" tag="600"><subfield code="a">Averroe&#776;s,</subfield><subfield code="d">1126-1198.</subfield></datafield><datafield ind1="1" ind2="0" tag="600"><subfield code="a">Ibn T&#803;ufayl, Muh&#803;ammad ibn &#699;Abd al-Malik,</subfield><subfield code="d">-1185.</subfield></datafield><datafield ind1="0" ind2="0" tag="600"><subfield code="a">Kindi&#772;,</subfield><subfield code="d">-approximately 873.</subfield></datafield><datafield ind1="0" ind2="7" tag="600"><subfield code="a">Abu&#772; al-&#699;Ala&#772;&#700; al-Ma&#699;arri&#772;,</subfield><subfield code="d">973-1057.</subfield><subfield code="2">fast</subfield><subfield code="0">(OCoLC)fst00093688</subfield></datafield><datafield ind1="0" ind2="7" tag="600"><subfield code="a">Averroe&#776;s,</subfield><subfield code="d">1126-1198.</subfield><subfield code="2">fast</subfield><subfield code="0">(OCoLC)fst00069334</subfield></datafield><datafield ind1="0" ind2="7" tag="600"><subfield code="a">Avicenna,</subfield><subfield code="d">980-1037.</subfield><subfield code="2">fast</subfield><subfield code="0">(OCoLC)fst00048418</subfield></datafield><datafield ind1="0" ind2="7" tag="600"><subfield code="a">Fa&#772;ra&#772;bi&#772;.</subfield><subfield code="2">fast</subfield><subfield code="0">(OCoLC)fst00064544</subfield></datafield><datafield ind1="0" ind2="7" tag="600"><subfield code="a">Ghazza&#772;li&#772;,</subfield><subfield code="d">1058-1111.</subfield><subfield code="2">fast</subfield><subfield code="0">(OCoLC)fst00095924</subfield></datafield><datafield ind1="1" ind2="7" tag="600"><subfield code="a">Ibn al-Fa&#772;rid&#803;, &#699;Umar ibn &#699;Ali&#772;,</subfield><subfield code="d">1181 or 1182-1235.</subfield><subfield code="2">fast</subfield><subfield code="0">(OCoLC)fst01825353</subfield></datafield><datafield ind1="0" ind2="7" tag="600"><subfield code="a">Ibn Khaldu&#772;n,</subfield><subfield code="d">1332-1406.</subfield><subfield code="2">fast</subfield><subfield code="0">(OCoLC)fst00017753</subfield></datafield><datafield ind1="1" ind2="7" tag="600"><subfield code="a">Ibn T&#803;ufayl, Muh&#803;ammad ibn &#699;Abd al-Malik,</subfield><subfield code="d">-1185.</subfield><subfield code="2">fast</subfield><subfield code="0">(OCoLC)fst01825565</subfield></datafield><datafield ind1="0" ind2="7" tag="600"><subfield code="a">Kindi&#772;,</subfield><subfield code="d">-approximately 873.</subfield><subfield code="2">fast</subfield><subfield code="0">(OCoLC)fst01828754</subfield></datafield><datafield ind1="2" ind2="7" tag="610"><subfield code="a">Ikhwa&#772;n al-S&#803;afa&#772;&#700;</subfield><subfield code="2">fast</subfield><subfield code="0">(OCoLC)fst00558573</subfield></datafield><datafield ind1=" " ind2="7" tag="650"><subfield code="a">Philosophers.</subfield><subfield code="2">fast</subfield><subfield code="0">(OCoLC)fst01060746</subfield></datafield><datafield ind1=" " ind2="7" tag="651"><subfield code="a">Islamic Empire.</subfield><subfield code="2">fast</subfield><subfield code="0">(OCoLC)fst01244134</subfield></datafield><datafield ind1=" " ind2="7" tag="655"><subfield code="a">Biography.</subfield><subfield code="2">fast</subfield><subfield code="0">(OCoLC)fst01423686</subfield></datafield><datafield ind1="2" ind2=" " tag="710"><subfield code="a">Cornell University.</subfield><subfield code="b">Libraries.</subfield></datafield><datafield ind1="0" ind2=" " tag="730"><subfield code="a">Arabic Collections Online.</subfield></datafield><datafield ind1="0" ind2="8" tag="776"><subfield code="i">Print version:</subfield><subfield code="a">Qumayr, Yu&#772;h&#803;anna&#772;.</subfield><subfield code="t">Fala&#772;sifat al-&#699;Arab</subfield><subfield code="w">(NIC)4439475</subfield><subfield code="w">(OCoLC)64031838</subfield></datafield><datafield ind1="4" ind2="0" tag="856"><subfield code="u">http://hdl.handle.net/2333.1/tb2rbrcp</subfield></datafield><datafield ind1="1" ind2=" " tag="880"><subfield code="6">100-01/r</subfield><subfield code="a">&#1602;&#1605;&#1610;&#1585;&#1548; &#1610;&#1608;&#1581;&#1606;&#1575;.</subfield></datafield><datafield ind1="1" ind2="0" tag="880"><subfield code="6">245-02/r</subfield><subfield code="a">&#1601;&#1604;&#1575;&#1587;&#1601;&#1577; &#1575;&#1604;&#1593;&#1585;&#1576; /</subfield><subfield code="c">&#1610;&#1608;&#1581;&#1606;&#1575; &#1602;&#1605;&#1610;&#1585;.</subfield></datafield><datafield ind1=" " ind2=" " tag="880"><subfield code="6">260-03/r</subfield><subfield code="a">&#1576;&#1610;&#1585;&#1608;&#1578; :</subfield><subfield code="b">&#1575;&#1604;&#1605;&#1591;&#1576;&#1593;&#1577; &#1575;&#1604;&#1603;&#1575;&#1579;&#1608;&#1604;&#1610;&#1603;&#1610;&#1577;&#1548;</subfield><subfield code="c">[1952-1956]</subfield></datafield><datafield ind1=" " ind2=" " tag="959"><subfield code="a">NNU</subfield><subfield code="b">WEB</subfield><subfield code="c">GENI</subfield><subfield code="t">0</subfield><subfield code="m">Electronic access</subfield><subfield code="s">01</subfield></datafield><datafield ind1=" " ind2=" " tag="999"><subfield code="i">NIC_4439475</subfield><subfield code="o">(OCoLC)ocm64031838 </subfield><subfield code="s">cornell_aco000209:v.1</subfield><subfield code="s">cornell_aco000210:v.2</subfield><subfield code="s">cornell_aco000211:v.3</subfield><subfield code="s">cornell_aco000212:v.4:pt.1</subfield><subfield code="s">cornell_aco000213:v.4:pt.2</subfield><subfield code="s">cornell_aco000214:v.5</subfield><subfield code="s">cornell_aco000215:v.6</subfield><subfield code="s">cornell_aco000216:v.7</subfield><subfield code="s">cornell_aco000217:v.8</subfield><subfield code="s">cornell_aco000218:v.9</subfield><subfield code="s">cornell_aco000219:v.10:pt.1-2</subfield></datafield></record>